<?xml version="1.0" encoding="UTF-8"?><record xmlns="http://www.loc.gov/MARC21/slim" xmlns:cinclude="http://apache.org/cocoon/include/1.0" xmlns:zs="http://www.loc.gov/zing/srw/">
  <leader>00474cz  a2200133n  4500</leader>
  <controlfield tag="001">n 2009008537</controlfield>
  <controlfield tag="003">DLC</controlfield>
  <controlfield tag="005">20090211081701.0</controlfield>
  <controlfield tag="008">090210n| acannaabn          |a aaa      </controlfield>
  <datafield tag="010" ind1=" " ind2=" ">
    <subfield code="a">n 2009008537</subfield>
  </datafield>
  <datafield tag="040" ind1=" " ind2=" ">
    <subfield code="a">DLC</subfield>
    <subfield code="b">eng</subfield>
    <subfield code="c">DLC</subfield>
  </datafield>
  <datafield tag="100" ind1="1" ind2=" ">
    <subfield code="a">Anderson, R. W.</subfield>
    <subfield code="q">(Robert W.).</subfield>
    <subfield code="t">Party politics in Puerto Rico.</subfield>
    <subfield code="l">Spanish</subfield>
  </datafield>
  <datafield tag="400" ind1="1" ind2=" ">
    <subfield code="a">Anderson, R. W.</subfield>
    <subfield code="q">(Robert W.).</subfield>
    <subfield code="t">Gobierno y partidos poli휍혖ticos en Puerto Rico</subfield>
  </datafield>
  <datafield tag="670" ind1=" " ind2=" ">
    <subfield code="a">Anderson, R. W. Gobierno y partidos poli휍혖ticos en Puerto Rico, 1973</subfield>
  </datafield>
</record>